<record><leader>00000cas a22000007a 4500</leader><controlfield tag="001">17971389</controlfield><controlfield tag="008">880518d19071917nduwr ne      0    0eng d</controlfield><datafield ind1=" " ind2=" " tag="010"><subfield code="a">sn 88076247 </subfield></datafield><datafield ind1=" " ind2=" " tag="040"><subfield code="a">NOP</subfield><subfield code="b">eng</subfield><subfield code="c">NOP</subfield><subfield code="d">OCLCQ</subfield></datafield><datafield ind1=" " ind2=" " tag="042"><subfield code="a">msc</subfield></datafield><datafield ind1="0" ind2="0" tag="245"><subfield code="a">Williams County mixer.</subfield></datafield><datafield ind1=" " ind2=" " tag="260"><subfield code="a">Zahl, Williams County, N.D. :</subfield><subfield code="b">Zahl Pub. Co.</subfield></datafield><datafield ind1=" " ind2=" " tag="300"><subfield code="a">10 v. :</subfield><subfield code="b">ill. ;</subfield><subfield code="c">55 cm.</subfield></datafield><datafield ind1=" " ind2=" " tag="310"><subfield code="a">Weekly</subfield></datafield><datafield ind1="0" ind2=" " tag="362"><subfield code="a">Vol. 5, no. 4 (Nov. 9, 1907)-v. 14, no. 42 (Aug. 2, 1917).</subfield></datafield><datafield ind1=" " ind2=" " tag="500"><subfield code="a">Place of publication varies: Zahl, N.D., &lt;Nov. 9, 1907-Sept. 18, 1909&gt;; Cottonwood Lake, N.D., &lt;Aug. 11, 1911-Oct. 9, 1914&gt;; Wildrose, N.D., Oct. 16, 1914-Aug. 2, 1917.</subfield></datafield><datafield ind1=" " ind2=" " tag="530"><subfield code="a">Available on microfilm from the State Historical Society of North Dakota.</subfield></datafield><datafield ind1=" " ind2=" " tag="588"><subfield code="a">Description based on: Vol. 5, no. 4 (Nov. 9, 1907).</subfield></datafield><datafield ind1=" " ind2=" " tag="752"><subfield code="a">United States</subfield><subfield code="b">North Dakota</subfield><subfield code="c">Williams</subfield><subfield code="d">Wildrose.</subfield></datafield><datafield ind1=" " ind2=" " tag="752"><subfield code="a">United States</subfield><subfield code="b">North Dakota</subfield><subfield code="c">Williams</subfield><subfield code="d">Zahl.</subfield></datafield><datafield ind1=" " ind2=" " tag="752"><subfield code="a">United States</subfield><subfield code="b">North Dakota</subfield><subfield code="c">Williams</subfield><subfield code="d">Cottonwood Lake.</subfield></datafield><datafield ind1="0" ind2="0" tag="780"><subfield code="t">Wheelock times</subfield><subfield code="w">(DLC)sn 88076265</subfield></datafield><datafield ind1="0" ind2="0" tag="785"><subfield code="t">Wildrose mixer</subfield><subfield code="w">(DLC)sn 88076267</subfield></datafield></record>